<record><leader>00000cas a2200000 a 4500</leader><controlfield tag="001">41935036</controlfield><controlfield tag="007">hd afb---bucu</controlfield><controlfield tag="008">990721u1971uuuucausr nea     0    0spa c</controlfield><datafield ind1=" " ind2=" " tag="010"><subfield code="a">  2003263145</subfield></datafield><datafield ind1=" " ind2=" " tag="040"><subfield code="a">NDD</subfield><subfield code="b">eng</subfield><subfield code="c">NDD</subfield><subfield code="d">TXA</subfield><subfield code="d">OCLCQ</subfield><subfield code="d">OCLCO</subfield><subfield code="d">OCLCF</subfield><subfield code="d">OCLCQ</subfield></datafield><datafield ind1=" " ind2=" " tag="037"><subfield code="b">Bay Microfilms, Inc., 1115 E. Arques Ave., Sunnyvale, CA 94086</subfield></datafield><datafield ind1=" " ind2=" " tag="042"><subfield code="a">pcc</subfield></datafield><datafield ind1=" " ind2=" " tag="043"><subfield code="a">n-us-ca</subfield></datafield><datafield ind1="1" ind2="4" tag="050"><subfield code="a">E184.M5</subfield><subfield code="b">C4535 Sec. 3, roll 1</subfield></datafield><datafield ind1="0" ind2=" " tag="130"><subfield code="a">Actualidad (Huntington Park, Calif.)</subfield></datafield><datafield ind1="1" ind2="3" tag="245"><subfield code="a">La actualidad.</subfield></datafield><datafield ind1=" " ind2=" " tag="260"><subfield code="a">Huntington Park, Calif. :</subfield><subfield code="b">La Actualidad</subfield></datafield><datafield ind1=" " ind2=" " tag="300"><subfield code="a">volumes :</subfield><subfield code="b">illustrations</subfield></datafield><datafield ind1=" " ind2=" " tag="310"><subfield code="a">Semimonthly</subfield></datafield><datafield ind1=" " ind2=" " tag="336"><subfield code="a">text</subfield><subfield code="b">txt</subfield><subfield code="2">rdacontent</subfield></datafield><datafield ind1=" " ind2=" " tag="337"><subfield code="a">microform</subfield><subfield code="b">h</subfield><subfield code="2">rdamedia</subfield></datafield><datafield ind1=" " ind2=" " tag="338"><subfield code="a">microfilm reel</subfield><subfield code="b">hd</subfield><subfield code="2">rdacarrier</subfield></datafield><datafield ind1="1" ind2=" " tag="362"><subfield code="a">Began in 1971.</subfield></datafield><datafield ind1=" " ind2=" " tag="515"><subfield code="a">An&#771;o 1, no. 7 (30 sept. de 1971) called: "Extra."</subfield></datafield><datafield ind1=" " ind2=" " tag="588"><subfield code="a">Description based on: An&#771;o 1, no. 7 (30 sept. de 1971).</subfield></datafield><datafield ind1=" " ind2=" " tag="533"><subfield code="a">Microfilm.</subfield><subfield code="m">an&#771;o 1:no. 7 (30 sept. de 1971)</subfield><subfield code="b">[Palo Alto, Calif. :</subfield><subfield code="c">Filmed by Bay Microfilm, Inc., Library Microfilms Division, in conjunction with the Chicano Studies Collections, University of California, Berkeley].</subfield><subfield code="e">1 microfilm reel ; 35 mm.</subfield><subfield code="f">([Chicano serials collection] ; Sec. 3, roll 1)</subfield><subfield code="n">Filmed with other titles.</subfield></datafield><datafield ind1=" " ind2="0" tag="650"><subfield code="a">Mexican Americans</subfield><subfield code="v">Newspapers.</subfield></datafield><datafield ind1=" " ind2="0" tag="651"><subfield code="a">Huntington Park (Calif.)</subfield><subfield code="v">Newspapers.</subfield></datafield><datafield ind1=" " ind2="7" tag="650"><subfield code="a">Mexican Americans.</subfield><subfield code="2">fast</subfield><subfield code="0">(OCoLC)fst01019072</subfield></datafield><datafield ind1=" " ind2="7" tag="651"><subfield code="a">California</subfield><subfield code="z">Huntington Park.</subfield><subfield code="2">fast</subfield><subfield code="0">(OCoLC)fst01232215</subfield></datafield><datafield ind1=" " ind2="0" tag="655"><subfield code="a">Mexican American newspapers</subfield><subfield code="z">California.</subfield></datafield><datafield ind1=" " ind2="7" tag="655"><subfield code="a">Newspapers.</subfield><subfield code="2">fast</subfield><subfield code="0">(OCoLC)fst01423814</subfield></datafield><datafield ind1=" " ind2=" " tag="752"><subfield code="a">United States</subfield><subfield code="b">California</subfield><subfield code="c">Los Angeles</subfield><subfield code="d">Huntington Park.</subfield></datafield><datafield ind1="1" ind2=" " tag="776"><subfield code="c">Original</subfield><subfield code="w">(DLC)sn 85047633</subfield><subfield code="w">(OCoLC)12833914</subfield></datafield><datafield ind1=" " ind2="0" tag="830"><subfield code="a">Chicano serials collection ;</subfield><subfield code="v">Sec. 2, roll 1.</subfield></datafield><datafield ind1="1" ind2=" " tag="029"><subfield code="a">AU@</subfield><subfield code="b">000024903853</subfield></datafield></record>